@article{esserObservation4Hyperhydrogen2015,
	title = {Observation of {H} $\Lambda$ 4 {Hyperhydrogen} by {Decay}-{Pion} {Spectroscopy} in {Electron} {Scattering}},
	volume = {114},
	issn = {0031-9007, 1079-7114},
	%language = {en},
	number = {23},
	urldate = {2022-10-07},
	journal = {Physical Review Letters},
  journaltitle = {Phys. Rev. Lett.},
	%author = { and Schulz, F. and Achenbach, P. and Ayerbe Gayoso, C. and Böhm, R. and Borodina, O. and Bosnar, D. and Bozkurt, V. and Debenjak, L. and Distler, M. O. and Friščić, I. and Fujii, Y. and Gogami, T. and Hashimoto, O. and Hirose, S. and Kanda, H. and Kaneta, M. and Kim, E. and Kohl, Y. and Kusaka, J. and Margaryan, A. and Merkel, H. and Mihovilovič, M. and Müller, U. and Nakamura, S. N. and Pochodzalla, J. and Rappold, C. and Reinhold, J. and Saito, T. R. and Sanchez Lorente, A. and Sánchez Majos, S. and Schlimme, B. S. and Schoth, M. and Sfienti, C. and Širca, S. and Tang, L. and Thiel, M. and Tsukada, K. and Weber, A. and Yoshida, K. and {A1 Collaboration}},
	author = {Esser, A. and Nagao, S. and others},
  year = {2015},
	pages = {232501},
}
@article{PascalDoctralThesis,
  author = {P. Klag},
  journal = {Doctral Thesis Jhonas Gutenberg-Universität Mainz},
  year = {2024}
}
@article{Schulz2015,
  author = {F. Schulz},
  journal = {Doctral Thesis Jhonas Gutenberg-Universität Mainz},
  year = {2015}
}
@article{NagaoD,
  author = {S. Nagao},
  journal = {Doctral Thesis Tohoku University},
  number = {},
  title = {},
  volume = {},
  year = {}
}
@article{tomita,
  author = {冨田翔子},
  journal = {修士論文 東北大学},
  year = {2016}
}
@article{kaiser2008,
  title = {The 1.{{5GeV}} Harmonic Double-Sided Microtron at {{Mainz University}}},
  author = {Kaiser, K.-H. and Aulenbacher, K. and Chubarov, O. and Dehn, M. and Euteneuer, H. and Hagenbuck, F. and Herr, R. and Jankowiak, A. and Jennewein, P. and Kreidel, H.-J. and Ludwig-Mertin, U. and Negrazus, M. and Ratschow, S. and family=Schumann, given=St., given-i={{St}} and Seidl, M. and Stephan, G. and Thomas, A.},
  %journaltitle = {Nuclear Instruments and Methods in Physics Research Section A: Accelerators, Spectrometers, Detectors and Associated Equipment},
  journaltitle = {NIM A},
  volume = {593},
  number = {3},
  pages = {159--170},
}

@article{klag2018,
  title = {Novel Optical Interferometry of Synchrotron Radiation for Absolute Electron Beam Energy Measurements},
  %author = {Klag, P. and Achenbach, P. and Biroth, M. and Gogami, T. and Herrmann, P. and Kaneta, M. and Konishi, Y. and Lauth, W. and Nagao, S. and Nakamura, S.N. and Pochodzalla, J. and Roser, J. and Toyama, Y.},
  author = {Klag, P. and others},
  %journaltitle = {Nuclear Instruments and Methods in Physics Research Section A: Accelerators, Spectrometers, Detectors and Associated Equipment},
  journaltitle = {NIM A},
  volume = {910},
  year = {2018},
  pages = {147--156}
}
@article{klag2023,
  title = {High Accuracy Synchrotron Radiation Interferometry with Relativistic Electrons},
  %author = {Klag, P. and Achenbach, P. and Akiyama, T. and Böhm, R. and Distler, M. O. and Doria, L. and Eckert, P. and Esser, A. and Geratz, J. and Gogami, T. and Helmel, C. and Herrmann, P. and Hoek, M. and Kaneta, M. and Konishi, Y. and Kino, R. and Lauth, W. and Merkel, H. and Mizuno, M. and Müller, U. and Nagao, S. and Nakamura, S. N. and Okuyama, K. and Pochodzalla, J. and Schlimme, B. S. and Sfienti, C. and Shao, T. and Steinen, M. and Stengel, S. and Thiel, M. and Toyama, Y.},
  author = {Klag, P. and others},
  %journaltitle = {Journal of Physics: Conference Series},
  journaltitle = {J. Phys.: Conf. Ser.},
  volume = {2482},
  number = {1},
  pages = {012016},
  year = {2023},
  publisher = {IOP Publishing}
}
@article{elastic,
  title = {The Spectrometer and Target Systems for Hypernuclear Physics at the {{Mainz Microtron}}},
  %author = {Achenbach, P. and Akiyama, T. and Distler, M.O. and Eckert, P. and Esser, A. and Geratz, J. and Hoek, M. and Itabashi, K. and Kaneta, M. and Kino, R. and Klag, P. and Merkel, H. and Mizuno, M. and Müller, J. and Müller, U. and Nagao, S. and Nakamura, S.N. and Nakamura, Y.R. and Okuyama, K. and Pochodzalla, J. and Schlimme, B.S. and Sfienti, C. and Spreckels, R. and Steinen, M. and Tachibana, K. and Thiel, M. and Uehara, K. and Toyama, Y.},
  author = {Achenbach, P. and others},
  date = {2022-11},
  journaltitle = {NIM A},
  %shortjournal = {Nuclear Instruments and Methods in Physics Research Section A: Accelerators, Spectrometers, Detectors and Associated Equipment},
  volume = {1043},
  pages = {167500}
}
@article{klein1997,
  title = {Beam Diagnostics at the {{BESSY I}} Electron Storage Ring with {{Compton}} Backscattered Laser Photons: Measurement of the Electron Energy and Related Quantities},
  shorttitle = {Beam Diagnostics at the {{BESSY I}} Electron Storage Ring with {{Compton}} Backscattered Laser Photons},
  author = {Klein, R. and Mayer, T. and Kuske, P. and Thornagel, R. and Ulm, G.},
  date = {1997-01},
  journaltitle = {NIM A},
  %shortjournal = {Nuclear Instruments and Methods in Physics Research Section A: Accelerators, Spectrometers, Detectors and Associated Equipment},
  volume = {384},
  number = {2-3},
  pages = {293--298}
}
@article{lmfit,
  journal = {https://lmfit.github.io/lmfit-py/},
}
@article{iminuit,
  journal = {https://scikit-hep.org/iminuit/},
}
@article{grating,
  journal = {https://www.thorlabs.com/thorproduct.cfm?partnumber=GR50-1204},
}
@article{Audi,
  author = {G. Audi and others},
  journal = {Nucl. Phys. A},
  number = {729},
  title = {},
  volume = {},
  year = {2003},
  pages = {337}
}
@article{Beringer,
  author = {J. Beringer and others},
  journal = {Phys. Rev. D},
  number = {86},
  title = {},
  volume = {},
  year = {2012},
  pages = {010001},
}
@article{Juric,
  author = { M. Juriˇ c et al.},
  journal = {Nucl. Phys. B},
  number = {52},
  title = {},
  volume = {1},
  year = {1973},
  pages = {1-30}
}
@article{ALICE,
  author = {S. Acharya and others},
  journal = {Phys. Rev. Lett.},
  number = {131},
  title = {},
  volume = {},
  year = {2023},
  pages = {102302}
}
@article{STAR,
  author = {STAR Collaboration},
  journal = {Nat. Phys.},
  number = {16},
  title = {},
  volume = {4},
  year = {2020},
  pages = {409-412}
}
@article{HI-1,
  author = {C. Rappold and others},
  journal = {Nucl. Phys. A},
  number = {913},
  title = {},
  volume = {},
  year = {2013},
  pages = {170-184}
}
@article{HI-2,
  author = {L. Adamczy and others},
  journal = {Phys. Rev. C},
  number = {97},
  title = {},
  volume = {5},
  year = {2018},
  pages = {054909}
}
@article{HI-3,
  author = {STAR Collaboration},
  journal = {Science},
  number = {328},
  title = {},
  volume = {},
  year = {2010},
  pages = {58}
}
@article{HI-4,
  author = {J. Adam and others},
  journal = {Phys. Lett. B},
  number = {754},
  title = {},
  volume = {},
  year = {2016},
  pages = {360-372}
}
@article{FToptics,
  author = {J. W. Goodman},
  journal = {Introdution to Fourier Optics (third edition)},
  number = {},
  title = {},
  volume = {},
  year = {2004}
}
@article{fukuda,
  %author = {Fukuda, T. and Higashi, A. and Matsuyama, Y. and Nagoshi, C. and Nakano, J. and Sekimoto, M. and Tlustý, P. and Ahn, J. K. and En’yo, H. and Funahashi, H. and Goto, Y. and Iinuma, M. and Imai, K. and Itow, Y. and Makino, S. and Masaike, A. and Matsuda, Y. and Mihara, S. and Saito, N. and Susukita, R. and Yokkaichi, S. and Yoshida, K. and Yoshida, M. and Yamashita, S. and Takashima, R. and Takeutchi, F. and Aoki, S. and Ieiri, M. and Iijima, T. and Yoshida, T. and Nomura, I. and Motoba, T. and Shin, Y. M. and Weibe, S. and Chung, M. S. and Park, I. S. and Sim, K. S. and Chung, K. S. and Lee, J. M.},
  author = {Fukuda, T. and others},
  date = {1998-08-01},
  journaltitle = {Physical Review C},
  shortjournal = {Phys. Rev. C},
  volume = {58},
  number = {2},
  pages = {1306--1309}
}
@article{khaustov,
  %author = {Khaustov, P. and Alburger, D. E. and Barnes, P. D. and Bassalleck, B. and Berdoz, A. R. and Biglan, A. and Bürger, T. and Carman, D. S. and Chrien, R. E. and Davis, C. A. and Fischer, H. and Franklin, G. B. and Franz, J. and Gan, L. and Ichikawa, A. and Iijima, T. and Imai, K. and Kondo, Y. and Koran, P. and Landry, M. and Lee, L. and Lowe, J. and Magahiz, R. and May, M. and McCrady, R. and Meyer, C. A. and Merrill, F. and Motoba, T. and Page, S. A. and Paschke, K. and Pile, P. H. and Quinn, B. and Ramsay, W. D. and Rusek, A. and Sawafta, R. and Schmitt, H. and Schumacher, R. A. and Stotzer, R. W. and Sutter, R. and Takeutchi, F. and Van Oers, W. T. H. and Yamamoto, K. and Yamamoto, Y. and Yosoi, M. and Zeps, V. J.},
  author = {Khaustov, P. and others},
  date = {2000-03-30},
  journaltitle = {Physical Review C},
  shortjournal = {Phys. Rev. C},
  volume = {61},
  number = {5},
  pages = {054603}
}
@article{Ambartsumyan,
  author = {V. A. Ambartsumyan and G. S. Saakyan},
  journal = {Sov. Astron. AJ 4},
  number = {187},
  title = {},
  volume = {},
  year = {1960}
}
@article{schulze,
  %author = {Schulze, H.-J. and Polls, A. and Ramos, A. and Vidaña, I.},
  author = {Schulze, H.-J. and others},
  date = {2006-05-09},
  journaltitle = {Physical Review C},
  shortjournal = {Phys. Rev. C},
  volume = {73},
  number = {5},
  pages = {058801}
}
@article{demorest2010,
  %author = {Demorest, P. B. and Pennucci, T. and Ransom, S. M. and Roberts, M. S. E. and Hessels, J. W. T.},
  author = {Demorest, P. B. and others},
  date = {2010-10},
  journaltitle = {Nature},
  shortjournal = {Nature},
  volume = {467},
  number = {7319},
  pages = {1081--1083}
}
@article{antoniadis2013,
  %author = {Antoniadis, John and Freire, Paulo C. C. and Wex, Norbert and Tauris, Thomas M. and Lynch, Ryan S. and Van Kerkwijk, Marten H. and Kramer, Michael and Bassa, Cees and Dhillon, Vik S. and Driebe, Thomas and Hessels, Jason W. T. and Kaspi, Victoria M. and Kondratiev, Vladislav I. and Langer, Norbert and Marsh, Thomas R. and McLaughlin, Maura A. and Pennucci, Timothy T. and Ransom, Scott M. and Stairs, Ingrid H. and Van Leeuwen, Joeri and Verbiest, Joris P. W. and Whelan, David G.},
  author = {Antoniadis, John and others},
  date = {2013-04-26},
  journaltitle = {Science},
  shortjournal = {Science},
  volume = {340},
  number = {6131},
  pages = {1233232}
}
@article{cromartie2019,
  %author = {Cromartie, H. T. and Fonseca, E. and Ransom, S. M. and Demorest, P. B. and Arzoumanian, Z. and Blumer, H. and Brook, P. R. and DeCesar, M. E. and Dolch, T. and Ellis, J. A. and Ferdman, R. D. and Ferrara, E. C. and Garver-Daniels, N. and Gentile, P. A. and Jones, M. L. and Lam, M. T. and Lorimer, D. R. and Lynch, R. S. and McLaughlin, M. A. and Ng, C. and Nice, D. J. and Pennucci, T. T. and Spiewak, R. and Stairs, I. H. and Stovall, K. and Swiggum, J. K. and Zhu, W. W.},
  author = {Cromartie, H. T. and others},
  date = {2019-09-16},
  journaltitle = {Nature Astronomy},
  shortjournal = {Nat Astron},
  volume = {4},
  number = {1},
  pages = {72--76}
}
@article{yamamoto2014,
  %author = {Yamamoto, Y. and Furumoto, T. and Yasutake, N. and family=Rijken, given=Th. A., given-i={{Th}}A},
  author = {Yamamoto, Y. and others},
  date = {2014-10-30},
  journaltitle = {Physical Review C},
  shortjournal = {Phys. Rev. C},
  volume = {90},
  number = {4},
  pages = {045805}
}
@article{friar1970,
  author = {Friar, J.L.},
  date = {1970-11},
  journaltitle = {Nuclear Physics A},
  shortjournal = {Nucl. Phys. A},
  volume = {156},
  number = {1},
  pages = {43--52}
}
@article{coon,
  author = {R. A. BRANDENBURG and others},
  journaltitle= {Nucl. Phys. A},
  volume = {294},
  year = {1978},
  pages = {305},
}
@article{yamamoto2015,
  shorttitle = {Observation of {{Spin-Dependent Charge Symmetry Breaking}} in {{Λ N Interaction}}},
  %author = {Yamamoto, T. O. and Agnello, M. and Akazawa, Y. and Amano, N. and Aoki, K. and Botta, E. and Chiga, N. and Ekawa, H. and Evtoukhovitch, P. and Feliciello, A. and Fujita, M. and Gogami, T. and Hasegawa, S. and Hayakawa, S. H. and Hayakawa, T. and Honda, R. and Hosomi, K. and Hwang, S. H. and Ichige, N. and Ichikawa, Y. and Ikeda, M. and Imai, K. and Ishimoto, S. and Kanatsuki, S. and Kim, M. H. and Kim, S. H. and Kinbara, S. and Koike, T. and Lee, J. Y. and Marcello, S. and Miwa, K. and Moon, T. and Nagae, T. and Nagao, S. and Nakada, Y. and Nakagawa, M. and Ogura, Y. and Sakaguchi, A. and Sako, H. and Sasaki, Y. and Sato, S. and Shiozaki, T. and Shirotori, K. and Sugimura, H. and Suto, S. and Suzuki, S. and Takahashi, T. and Tamura, H. and Tanabe, K. and Tanida, K. and Tsamalaidze, Z. and Ukai, M. and Yamamoto, Y. and Yang, S. B. and {J-PARC E13 Collaboration}},
  author = {Yamamoto, T. O. and others},
  date = {2015-11-24},
  journaltitle = {Physical Review Letters},
  shortjournal = {Phys. Rev. Lett.},
  volume = {115},
  number = {22},
  pages = {222501}
}
@article{takahashi2001,
  %author = {Takahashi, H. and Ahn, J. K. and Akikawa, H. and Aoki, S. and Arai, K. and Bahk, S. Y. and Baik, K. M. and Bassalleck, B. and Chung, J. H. and Chung, M. S. and Davis, D. H. and Fukuda, T. and Hoshino, K. and Ichikawa, A. and Ieiri, M. and Imai, K. and Iwata, Y. H. and Iwata, Y. S. and Kanda, H. and Kaneko, M. and Kawai, T. and Kawasaki, M. and Kim, C. O. and Kim, J. Y. and Kim, S. J. and Kim, S. H. and Kondo, Y. and Kouketsu, T. and Lee, Y. L. and McNabb, J. W. C. and Mitsuhara, M. and Nagase, Y. and Nagoshi, C. and Nakazawa, K. and Noumi, H. and Ogawa, S. and Okabe, H. and Oyama, K. and Park, H. M. and Park, I. G. and Parker, J. and Ra, Y. S. and Rhee, J. T. and Rusek, A. and Shibuya, H. and Sim, K. S. and Saha, P. K. and Seki, D. and Sekimoto, M. and Song, J. S. and Takahashi, T. and Takeutchi, F. and Tanaka, H. and Tanida, K. and Tojo, J. and Torii, H. and Torikai, S. and Tovee, D. N. and Ushida, N. and Yamamoto, K. and Yasuda, N. and Yang, J. T. and Yoon, C. J. and Yoon, C. S. and Yosoi, M. and Yoshida, T. and Zhu, L.},
  author = {Takahashi, H. and others},
  date = {2001-11-02},
  journaltitle = {Physical Review Letters},
  shortjournal = {Phys. Rev. Lett.},
  volume = {87},
  number = {21},
  pages = {212502}
}
@article{kaneyasu,
  title = {Double-Pulsed Wave Packets in Spontaneous Radiation from a Tandem Undulator},
  %author = {Kaneyasu, T. and Hosaka, M. and Mano, A. and Takashima, Y. and Fujimoto, M. and Salehi, E. and Iwayama, H. and Hikosaka, Y. and Katoh, M.},
  author = {Kaneyasu, T. and others},
  date = {2022-06-11},
  journaltitle = {Scientific Reports},
  shortjournal = {Sci Rep},
  volume = {12},
  number = {1},
  pages = {9682}
}
@article{herrmann,
  author = {P. Herrmann},
  journal = {Doctral Thesis Jhonas Gutenberg-Universität Mainz},
  number = {},
  title = {},
  volume = {},
  year = {2021}
}
@article{大柳,
  author = {大柳宏之},
  journal = {シンクロトロン放射光の基礎 丸善出版},
  number = {},
  title = {},
  volume = {},
  year = {1996}
}
@article{walker,
  author = {R. P. Walker},
  journal = {Insertion Devices: Undulators and Wigglers},
  number = {},
  title = {},
  volume = {},
  year = {1997}
}
@article{clarke,
  author = {J. A. Clarke},
  journal = {The Science and Technology of Undulators and Wigglers},
  number = {},
  title = {},
  volume = {},
  year = {2004}
}
@article{ratschow,
  author = {S. Ratschow},
  journal = {Doctral Thesis, KPH 02/00, Jhonas Gutenberg-Universität Mainz},
  number = {},
  title = {},
  volume = {},
  year = {2000}
}
@article{jankowiak,
  author = {A. Jankowiak},
  journal = {Compilation of : Measurement of the electron beam energy at the Mainz Microtron, MAMI Internal Report 03/2006},
  number = {},
  title = {},
  volume = {},
  year = {2006}
}
@article{herter,
  author = {K. Herter},
  journal = {Diploma Thesis, KPH 04/92, Jhonas Gutenberg-Universität Mainz},
  number = {},
  title = {},
  volume = {},
  year = {1992}
}
@book{wiedemann2015,
  title = {Particle {{Accelerator Physics}}},
  author = {Wiedemann, Helmut},
  year = {2015},
  series = {Graduate Texts in {{Physics}}},
  edition = {4th ed},
  publisher = {Springer},
  address = {Cham,},
  isbn = {978-3-319-18316-9 978-3-319-18317-6}
}




